
% Encoding: UTF-8

@article{mertan2020relative,
	title={Relative depth estimation as a ranking problem},
	author={Mertan, Alican and Duff, Damien Jade and Unal, Gozde},
	journal={arXiv preprint arXiv:2010.06944},
	year={2020}
}




@InProceedings{Lienen_2021_CVPR,
	author    = {Lienen, Julian and Hullermeier, Eyke and Ewerth, Ralph and Nommensen, Nils},
	title     = {Monocular Depth Estimation via Listwise Ranking Using the Plackett-Luce Model},
	booktitle = {Proceedings of the IEEE/CVF Conference on Computer Vision and Pattern Recognition (CVPR)},
	month     = {June},
	year      = {2021},
	pages     = {14595-14604}
}

@inproceedings{xian2018monocular,
	title={Monocular relative depth perception with web stereo data supervision},
	author={Xian, Ke and Shen, Chunhua and Cao, Zhiguo and Lu, Hao and Xiao, Yang and Li, Ruibo and Luo, Zhenbo},
	booktitle={Proceedings of the IEEE Conference on Computer Vision and Pattern Recognition},
	pages={311--320},
	year={2018}
}

@inproceedings{xian2020structure,
	title={Structure-guided ranking loss for single image depth prediction},
	author={Xian, Ke and Zhang, Jianming and Wang, Oliver and Mai, Long and Lin, Zhe and Cao, Zhiguo},
	booktitle={Proceedings of the IEEE/CVF Conference on Computer Vision and Pattern Recognition},
	pages={611--620},
	year={2020}
}

@inproceedings{wang2020sdc,
	title={SDC-depth: Semantic divide-and-conquer network for monocular depth estimation},
	author={Wang, Lijun and Zhang, Jianming and Wang, Oliver and Lin, Zhe and Lu, Huchuan},
	booktitle={Proceedings of the IEEE/CVF Conference on Computer Vision and Pattern Recognition},
	pages={541--550},
	year={2020}
}

@article{chen2016single,
	title={Single-image depth perception in the wild},
	author={Chen, Weifeng and Fu, Zhao and Yang, Dawei and Deng, Jia},
	journal={arXiv preprint arXiv:1604.03901},
	year={2016}
}

@article{settles2009active,
	title={Active learning literature survey},
	author={Settles, Burr},
	year={2009},
	publisher={University of Wisconsin-Madison Department of Computer Sciences}
}

@misc{sener2018active,
	title={Active Learning for Convolutional Neural Networks: A Core-Set Approach}, 
	author={Ozan Sener and Silvio Savarese},
	year={2018},
	eprint={1708.00489},
	archivePrefix={arXiv},
	primaryClass={stat.ML}
}

@article{wang2016cost,
	title={Cost-effective active learning for deep image classification},
	author={Wang, Keze and Zhang, Dongyu and Li, Ya and Zhang, Ruimao and Lin, Liang},
	journal={IEEE Transactions on Circuits and Systems for Video Technology},
	volume={27},
	number={12},
	pages={2591--2600},
	year={2016},
	publisher={IEEE}
}

@article{cao2018monocular,
	title={Monocular depth estimation with augmented ordinal depth relationships},
	author={Cao, Yuanzhouhan and Zhao, Tianqi and Xian, Ke and Shen, Chunhua and Cao, Zhiguo and Xu, Shugong},
	journal={IEEE Transactions on Image Processing},
	year={2018},
	publisher={IEEE}
}

@inproceedings{zoran2015learning,
	title={Learning ordinal relationships for mid-level vision},
	author={Zoran, Daniel and Isola, Phillip and Krishnan, Dilip and Freeman, William T},
	booktitle={Proceedings of the IEEE International Conference on Computer Vision},
	pages={388--396},
	year={2015}
}

@InProceedings{Jiao_2018_ECCV,
	author = {Jiao, Jianbo and Cao, Ying and Song, Yibing and Lau, Rynson},
	title = {Look Deeper into Depth: Monocular Depth Estimation with Semantic Booster and Attention-Driven Loss},
	booktitle = {Proceedings of the European Conference on Computer Vision (ECCV)},
	month = {September},
	year = {2018}
}

@article{khan2020survey,
	title={A survey of the recent architectures of deep convolutional neural networks},
	author={Khan, Asifullah and Sohail, Anabia and Zahoora, Umme and Qureshi, Aqsa Saeed},
	journal={Artificial Intelligence Review},
	volume={53},
	number={8},
	pages={5455--5516},
	year={2020},
	publisher={Springer}
}

@inproceedings{laina2016deeper,
	title={Deeper depth prediction with fully convolutional residual networks},
	author={Laina, Iro and Rupprecht, Christian and Belagiannis, Vasileios and Tombari, Federico and Navab, Nassir},
	booktitle={2016 Fourth International Conference on 3D vision (3DV)},
	pages={239--248},
	year={2016},
	organization={IEEE}
}

@article{eigen2014depth,
	title={Depth map prediction from a single image using a multi-scale deep network},
	author={Eigen, David and Puhrsch, Christian and Fergus, Rob},
	journal={arXiv preprint arXiv:1406.2283},
	year={2014}
}

@article{torralba2002depth,
	title={Depth estimation from image structure},
	author={Torralba, Antonio and Oliva, Aude},
	journal={IEEE Transactions on Pattern Analysis and Machine Intelligence},
	volume={24},
	number={9},
	pages={1226--1238},
	year={2002},
	publisher={IEEE}
}

@article{bruch2019alternative,
	title={An Alternative Cross Entropy Loss for Learning-to-Rank},
	author={Bruch, Sebastian},
	journal={arXiv preprint arXiv:1911.09798},
	year={2019}
}

@inproceedings{cao2007learning,
	title={Learning to rank: from pairwise approach to listwise approach},
	author={Cao, Zhe and Qin, Tao and Liu, Tie-Yan and Tsai, Ming-Feng and Li, Hang},
	booktitle={Proceedings of the 24th International Conference on Machine learning},
	pages={129--136},
	year={2007}
}
@inproceedings{xia2008listwise,
	title={Listwise approach to learning to rank: theory and algorithm},
	author={Xia, Fen and Liu, Tie-Yan and Wang, Jue and Zhang, Wensheng and Li, Hang},
	booktitle={Proceedings of the 25th International Conference on Machine learning},
	pages={1192--1199},
	year={2008}
}

@article{li2020learning,
	title={Learning to Rank for Active Learning: A Listwise Approach},
	author={Li, Minghan and Liu, Xialei and van de Weijer, Joost and Raducanu, Bogdan},
	journal={arXiv preprint arXiv:2008.00078},
	year={2020}
}

@inproceedings{zhu2020edge,
	title={The edge of depth: Explicit constraints between segmentation and depth},
	author={Zhu, Shengjie and Brazil, Garrick and Liu, Xiaoming},
	booktitle={Proceedings of the IEEE/CVF Conference on Computer Vision and Pattern Recognition},
	pages={13116--13125},
	year={2020}
}

@InProceedings{10.1007/978-3-319-46484-8_45,
	author="Garg, Ravi
	and B.G., Vijay Kumar
	and Carneiro, Gustavo
	and Reid, Ian",
	editor="Leibe, Bastian
	and Matas, Jiri
	and Sebe, Nicu
	and Welling, Max",
	title="Unsupervised CNN for Single View Depth Estimation: Geometry to the Rescue",
	booktitle="Computer Vision -- ECCV 2016",
	year="2016",
	publisher="Springer International Publishing",
	address="Cham",
	pages="740--756"
}

@inproceedings{chen2019learning,
	title={Learning single-image depth from videos using quality assessment networks},
	author={Chen, Weifeng and Qian, Shengyi and Deng, Jia},
	booktitle={Proceedings of the IEEE/CVF Conference on Computer Vision and Pattern Recognition},
	pages={5604--5613},
	year={2019}
}


@article{liu2011learning,
	title={Learning to rank for information retrieval},
	author={Liu, Tie-Yan},
	year={2011},
	publisher={Springer Science \& Business Media}
}

@inproceedings{he2017mask,
	title={Mask r-cnn},
	author={He, Kaiming and Gkioxari, Georgia and Doll{\'a}r, Piotr and Girshick, Ross},
	booktitle={Proceedings of the IEEE International Conference on Computer Vision},
	pages={2961--2969},
	year={2017}
}

@misc{ranftl2021vision,
	title={Vision Transformers for Dense Prediction}, 
	author={Ren√© Ranftl and Alexey Bochkovskiy and Vladlen Koltun},
	year={2021},
	eprint={2103.13413},
	archivePrefix={arXiv},
	primaryClass={cs.CV}
}

@misc{yang2021transformers,
	title={Transformers Solve the Limited Receptive Field for Monocular Depth Prediction}, 
	author={Guanglei Yang and Hao Tang and Mingli Ding and Nicu Sebe and Elisa Ricci},
	year={2021},
	eprint={2103.12091},
	archivePrefix={arXiv},
	primaryClass={cs.CV}
}

@InProceedings{Li_2015_CVPR,
	author = {Li, Bo and Shen, Chunhua and Dai, Yuchao and van den Hengel, Anton and He, Mingyi},
	title = {Depth and Surface Normal Estimation From Monocular Images Using Regression on Deep Features and Hierarchical CRFs},
	booktitle = {Proceedings of the IEEE Conference on Computer Vision and Pattern Recognition (CVPR)},
	month = {June},
	year = {2015}
}

@inproceedings{saxena2005learning,
	title={Learning depth from single monocular images},
	author={Saxena, Ashutosh and Chung, Sung H and Ng, Andrew Y and others},
	booktitle={NIPS},
	volume={18},
	pages={1--8},
	year={2005}
}

@article{liu2015learning,
	title={Learning depth from single monocular images using deep convolutional neural fields},
	author={Liu, Fayao and Shen, Chunhua and Lin, Guosheng and Reid, Ian},
	journal={IEEE Transactions on Pattern Analysis and Machine Intelligence},
	volume={38},
	number={10},
	pages={2024--2039},
	year={2015},
	publisher={IEEE}
}

@InProceedings{attention,
	author="Huynh, Lam
	and Nguyen-Ha, Phong
	and Matas, Jiri
	and Rahtu, Esa
	and Heikkil{\"a}, Janne",
	editor="Vedaldi, Andrea
	and Bischof, Horst
	and Brox, Thomas
	and Frahm, Jan-Michael",
	title="Guiding Monocular Depth Estimation Using Depth-Attention Volume",
	booktitle="Computer Vision -- ECCV 2020",
	year="2020",
	publisher="Springer International Publishing",
	address="Cham",
	pages="581--597",
	isbn="978-3-030-58574-7"
}

@inproceedings{meesad2011chi,
	title={A chi-square-test for word importance differentiation in text classification},
	author={Meesad, Phayung and Boonrawd, Pudsadee and Nuipian, Vatinee},
	booktitle={Proceedings of International Conference on Information and Electronics Engineering},
	pages={110--114},
	year={2011}
}

@online{road-pic,
	url={https://creazilla-store.fra1.digitaloceanspaces.com/cliparts/24759/open-road-clipart-md.png}}

@misc{nishad_2021, title={Semantic Segmentation: The easiest possible implementation in code!}, url={https://medium.com/analytics-vidhya/semantic-segmentation-the-easiest-possible-implementation-in-code-193bf27b86b8}, journal={Medium}, publisher={Analytics Vidhya}, author={Nishad, Garima}, year={2021}, month={Mar}}


@book{gonzalez2002digital,
	title={Digital Image Processing},
	author={Gonzalez, R.C. and Woods, R.E.},
	isbn={9780201180756},
	lccn={2002276271},
	url={https://books.google.de/books?id=738oAQAAMAAJ},
	year={2002},
	publisher={Prentice Hall}
}

@online{brownlee_2019, title={A Gentle Introduction to Computer Vision}, url={https://machinelearningmastery.com/what-is-computer-vision/}, journal={Machine Learning Mastery}, author={Brownlee, Jason}, year={2019}, month={Jul}}

@online{WEB:manning, title={Free Content Center},
	Author={Manning},
	url={https://freecontent.manning.com/the-computer-vision-pipeline-part-3-image-preprocessing/}
}

@book{Goodfellow-et-al-2016,
	title={Deep Learning},
	author={Ian Goodfellow and Yoshua Bengio and Aaron Courville},
	publisher={MIT Press},
	note={\url{http://www.deeplearningbook.org}},
	year={2016}
}

@article{abadi2016tensorflow,
	title={Tensorflow: Large-scale machine learning on heterogeneous distributed systems},
	author={Abadi, Mart{\'\i}n and Agarwal, Ashish and Barham, Paul and Brevdo, Eugene and Chen, Zhifeng and Citro, Craig and Corrado, Greg S and Davis, Andy and Dean, Jeffrey and Devin, Matthieu and others},
	journal={arXiv preprint arXiv:1603.04467},
	year={2016}
}

@article{dargan2019survey,
	title={A survey of deep learning and its applications: a new paradigm to machine learning},
	author={Dargan, Shaveta and Kumar, Munish and Ayyagari, Maruthi Rohit and Kumar, Gulshan},
	journal={Archives of Computational Methods in Engineering},
	pages={1--22},
	year={2019},
	publisher={Springer}
}

@inproceedings{van2007python,
	title={Python Programming Language.},
	author={Van Rossum, Guido and others},
	booktitle={USENIX annual technical conference},
	volume={41},
	pages={36},
	year={2007}
}




@online{businessoverbroadway.com, title={Programming Languages Most Used and Recommended by Data Scientists}, url={https://businessoverbroadway.com/2019/01/13/programming-languages-most-used-and-recommended-by-data-scientists/}, journal={Businessoverbroadway.com}} 
 
@online{rowe_2018, title={Survey says python is top programming language}, url={https://www.embedded.com/survey-says-python-is-top-programming-language/}, journal={Embedded.com}, author={Rowe, Martin}, year={2018}, month={Aug}} 

@online{tensorflow_2019, title={What's coming in TensorFlow 2.0}, url={https://medium.com/tensorflow/whats-coming-in-tensorflow-2-0-d3663832e9b8}, journal={Medium}, publisher={TensorFlow}, author={TensorFlow}, year={2019}, month={Jan}}

@online{wandb,
	title = {Experiment Tracking with Weights and Biases},
	year = {2020},
	note = {Software available from wandb.com},
	url={https://www.wandb.com/},
	author = {Biewald, Lukas},
}